<record><leader>00000cas a22000007a 4500</leader><controlfield tag="001">30406756</controlfield><controlfield tag="008">940509d19811983okucr ne      0    0eng d</controlfield><datafield ind1=" " ind2=" " tag="010"><subfield code="a">sn 94058825 </subfield></datafield><datafield ind1=" " ind2=" " tag="040"><subfield code="a">OBN</subfield><subfield code="b">eng</subfield><subfield code="c">OBN</subfield><subfield code="d">OCL</subfield><subfield code="d">OCLCQ</subfield><subfield code="d">OCLCF</subfield><subfield code="d">OCLCO</subfield></datafield><datafield ind1="1" ind2=" " tag="029"><subfield code="a">AU@</subfield><subfield code="b">000010972807</subfield></datafield><datafield ind1=" " ind2=" " tag="042"><subfield code="a">msc</subfield></datafield><datafield ind1="0" ind2="0" tag="245"><subfield code="a">McCurtain County journal.</subfield></datafield><datafield ind1=" " ind2=" " tag="260"><subfield code="a">Valliant, Okla. :</subfield><subfield code="b">J. Deramus</subfield></datafield><datafield ind1=" " ind2=" " tag="300"><subfield code="a">v.</subfield></datafield><datafield ind1=" " ind2=" " tag="310"><subfield code="a">Semiweekly, Jan. 12, 1982-Apr. 19, 1983.</subfield></datafield><datafield ind1=" " ind2=" " tag="321"><subfield code="a">Triweekly, Sept. 5, 1981-Jan. 9, 1982.</subfield></datafield><datafield ind1="0" ind2=" " tag="362"><subfield code="a">Vol. 14, no. 26 (Sept. 5, 1981)-v. 16, no. 12 (Apr. 19, 1983).</subfield></datafield><datafield ind1=" " ind2="0" tag="651"><subfield code="a">Valliant (Okla.)</subfield><subfield code="v">Newspapers.</subfield></datafield><datafield ind1=" " ind2="0" tag="651"><subfield code="a">McCurtain County (Okla.)</subfield><subfield code="v">Newspapers.</subfield></datafield><datafield ind1=" " ind2="7" tag="655"><subfield code="a">Newspapers.</subfield><subfield code="2">fast</subfield><subfield code="0">(OCoLC)fst01423814</subfield></datafield><datafield ind1=" " ind2="7" tag="651"><subfield code="a">Oklahoma</subfield><subfield code="z">McCurtain County.</subfield><subfield code="2">fast</subfield><subfield code="0">(OCoLC)fst01248660</subfield></datafield><datafield ind1=" " ind2="7" tag="651"><subfield code="a">Oklahoma</subfield><subfield code="z">Valliant.</subfield><subfield code="2">fast</subfield><subfield code="0">(OCoLC)fst01264777</subfield></datafield><datafield ind1=" " ind2=" " tag="752"><subfield code="a">United States</subfield><subfield code="b">Oklahoma</subfield><subfield code="c">McCurtain</subfield><subfield code="d">Valliant.</subfield></datafield><datafield ind1="0" ind2="4" tag="780"><subfield code="t">Broken Bow tribune</subfield></datafield><datafield ind1="0" ind2="4" tag="780"><subfield code="t">Challenger (Valliant, Okla. : 1968)</subfield><subfield code="w">(DLC)sn 94058824</subfield><subfield code="w">(OCoLC)30406700</subfield></datafield><datafield ind1="0" ind2="0" tag="785"><subfield code="t">Valliant leader</subfield><subfield code="w">(DLC)sn 8304850</subfield><subfield code="w">(OCoLC)9926671</subfield></datafield></record>